<?xml version="1.0" encoding="UTF-8"?>
<record xmlns="http://www.loc.gov/MARC21/slim" xmlns:xsi="http://www.w3.org/2001/XMLSchema-instance" xsi:schemaLocation="http://www.loc.gov/MARC21/slim http://www.loc.gov/standards/marcxml/schema/MARC21slim.xsd">
<leader>00000cam a22      i 4500</leader>
<controlfield tag="001">001680748</controlfield>
<controlfield tag="003">NNU</controlfield>
<controlfield tag="005">20141107173601.0</controlfield>
<controlfield tag="008">871214s1969    iq            000 0 arard</controlfield>
<datafield tag="010" ind1=" " ind2=" ">
<subfield code="a">   70961789</subfield>
</datafield>
<datafield tag="035" ind1=" " ind2=" ">
<subfield code="a">(OCoLC)17238929</subfield>
<subfield code="z">(OCoLC)81130562</subfield>
</datafield>
<datafield tag="040" ind1=" " ind2=" ">
<subfield code="a">WAU</subfield>
<subfield code="b">eng</subfield>
<subfield code="c">WAU</subfield>
<subfield code="d">EYM</subfield>
<subfield code="d">PAU</subfield>
<subfield code="d">HIN</subfield>
<subfield code="d">OCLCQ</subfield>
<subfield code="d">OCLCF</subfield>
<subfield code="d">OCLCQ</subfield>
<subfield code="d">NNU</subfield>
</datafield>
<datafield tag="050" ind1=" " ind2="4">
<subfield code="a">PJ6065</subfield>
<subfield code="b">.T3</subfield>
</datafield>
<datafield tag="100" ind1="1" ind2=" ">
<subfield code="6">880-01</subfield>
<subfield code="a">Ṭāhir, ʻAlī Jawād.</subfield>
</datafield>
<datafield tag="245" ind1="1" ind2="0">
<subfield code="6">880-02</subfield>
<subfield code="a">Tadrīs al-lughah al-ʻArabīyah fī al-madāris al-mutawassiṭah wa-al-thānawīyah /</subfield>
<subfield code="c">taʼlīf ʻAlī Jawād al-Ṭāhir.</subfield>
</datafield>
<datafield tag="260" ind1=" " ind2=" ">
<subfield code="6">880-03</subfield>
<subfield code="a">al-Najaf :</subfield>
<subfield code="b">Maṭbaʻat al-Nuʻmān,</subfield>
<subfield code="c">1969.</subfield>
</datafield>
<datafield tag="300" ind1=" " ind2=" ">
<subfield code="a">126 pages</subfield>
</datafield>
<datafield tag="336" ind1=" " ind2=" ">
<subfield code="a">text</subfield>
<subfield code="b">txt</subfield>
<subfield code="2">rdacontent</subfield>
</datafield>
<datafield tag="337" ind1=" " ind2=" ">
<subfield code="a">unmediated</subfield>
<subfield code="b">n</subfield>
<subfield code="2">rdamedia</subfield>
</datafield>
<datafield tag="338" ind1=" " ind2=" ">
<subfield code="a">volume</subfield>
<subfield code="b">nc</subfield>
<subfield code="2">rdacarrier</subfield>
</datafield>
<datafield tag="530" ind1=" " ind2=" ">
<subfield code="a">Also issued online.</subfield>
</datafield>
<datafield tag="650" ind1=" " ind2="0">
<subfield code="a">Arabic philology</subfield>
<subfield code="x">Study and teaching.</subfield>
</datafield>
<datafield tag="650" ind1=" " ind2="7">
<subfield code="a">Arabic philology</subfield>
<subfield code="x">Study and teaching.</subfield>
<subfield code="2">fast</subfield>
<subfield code="0">(OCoLC)fst00812531</subfield>
</datafield>
<datafield tag="776" ind1="0" ind2="8">
<subfield code="i">Online version:</subfield>
<subfield code="a">Ṭāhir, ʻAlī Jawād.</subfield>
<subfield code="t">Tadrīs al-lughah al-ʻArabīyah fī al-madāris al-mutawassiṭah wa-al-thānawīyah.</subfield>
<subfield code="d">al-Najaf, Maṭbaʻat al-Nuʻmān, 1969</subfield>
<subfield code="w">(OCoLC)574388164</subfield>
</datafield>
<datafield tag="880" ind1="1" ind2=" ">
<subfield code="6">100-01/</subfield>
<subfield code="a">طاهر، علي جواد.</subfield>
</datafield>
<datafield tag="880" ind1="1" ind2="0">
<subfield code="6">245-02/</subfield>
<subfield code="a">تدريس اللغة العربية في المدارس المتوسطة والثانوية /</subfield>
<subfield code="c">تأليف علي جواد الطاهر.</subfield>
</datafield>
<datafield tag="880" ind1=" " ind2=" ">
<subfield code="6">260-03/</subfield>
<subfield code="a">النجف :</subfield>
<subfield code="b">مطبعة النعمان،</subfield>
<subfield code="c">1969.</subfield>
</datafield>
<datafield tag="OWN" ind1=" " ind2=" ">
<subfield code="a">GENERAL</subfield>
</datafield>
<datafield tag="AVA" ind1=" " ind2=" ">
<subfield code="a">NYU50</subfield>
<subfield code="b">BOBST</subfield>
<subfield code="c">Main Collection</subfield>
<subfield code="d">PJ6065 .T3</subfield>
<subfield code="e">unavailable</subfield>
<subfield code="t">Unavailable</subfield>
<subfield code="f">1</subfield>
<subfield code="g">1</subfield>
<subfield code="h">N</subfield>
<subfield code="i">1</subfield>
<subfield code="j">MAIN</subfield>
<subfield code="k">0</subfield>
</datafield>
</record>
